@techreport{ghallab1998pddl,
  title={PDDL-the planning domain definition language},
  author={Ghallab, M. and Aeronautiques, C. and Isi, C.K. and Wilkins, D. and others},
  year={1998}
}

@article{fox2003pddl2,
  title={PDDL2.1: An Extension to PDDL for Expressing Temporal Planning Domains},
  author={Fox, M. and Long, D.},
  journal={Journal of Artificial Intelligence Research},
  volume={20},
  pages={61--124},
  year={2003}
}


@article{helmert2006fast,
  title={The fast downward planning system},
  author={Helmert, M.},
  journal={Journal of Artificial Intelligence Research},
  volume={26},
  number={1},
  pages={191--246},
  year={2006}
}


@article{roger2010more,
  title={The more, the merrier: Combining heuristic estimators for satisficing planning},
  author={R{\"o}ger, G. and Helmert, M.},
  journal={Alternation},
  volume={10},
  number={100s},
  pages={1000s},
  year={2010}
}

@article{hoffmann2003metric,
  title={Metric-FF Planning System: Translating" Ignoring Delete Lists" to Numeric State Variables},
  author={Hoffmann, J.},
  journal={Journal Of Artificial Intelligence Research},
  volume={20},
  year={2003},
  publisher={Morgan Kaufmann}
}


@inproceedings{chen09completeness,
  author    = {Yixin Chen and
               Guohui Yao},
  title     = {Completeness and Optimality Preserving Reduction for Planning},
  booktitle = {IJCAI},
  year      = {2009},
  pages     = {1659-1664},
  ee        = {http://ijcai.org/papers09/Papers/IJCAI09-277.pdf},
}


@article{xu11theory,
  author    = {You Xu and
               Yixin Chen and
               Qiang Lu and
               Ruoyun Huang},
  title     = {Theory and Algorithms for Partial Order Based Reduction
               in Planning},
  journal   = {CoRR},
  volume    = {abs/1106.5427},
  year      = {2011},
  ee        = {http://arxiv.org/abs/1106.5427},
  bibsource = {DBLP, http://dblp.uni-trier.de}
}

